@article{GK2018,
	author = {Gu{\'e}lat, J{\'e}r{\^o}me and K{\'e}ry, Marc},
	journal = {Methods in Ecology and Evolution},
	number = {6},
	pages = {1614-1625},
	title = {Effects of spatial autocorrelation and imperfect detection on species distribution models},
	volume = {9},
	year = {2018}}


@article{D2006,
	author = {Dudgeon, David and Arthington, Angela H. and Gessner, Mark O. and Kawabata, Zen-Ichiro and Knowler, Duncan J. and L{\'e}v{\^e}que, Christian and Naiman, Robert J. and Prieur-Richard, Anne-H{\'e}l{\`e}ne and Soto, Doris and Stiassny, Melanie L. J. and Sullivan, Caroline A.},
	journal = {Biological Reviews},
	number = {2},
	pages = {163-182},
	title = {Freshwater biodiversity: importance, threats, status and conservation challenges},
	volume = {81},
	year = {2006}}


@article{A2020,
  title={Scientistsâ€™ warning to humanity on the freshwater biodiversity crisis},
  author={James S. Albert and Georgia Destouni and Scott M. Duke-Sylvester and Anne E. Magurran and Thierry Oberdorff and Roberto E. Reis and Kirk O. Winemiller and William J. Ripple},
  journal={Ambio},
  year={2020},
  volume={50},
  pages={85-94},
  url={https://api.semanticscholar.org/CorpusID:211074855}
}


@article{V2022,
	author = {V{\'a}ri, {\'A}gnes and Podschun, Simone and Eros, Tibor and Hein, Thomas and Pataki, Beata and Ioja, Cristian and Adamescu, Cristian and Gerhardt, Almut and Gruber, Tam{\'a}s and Dedi{\'c}, Anita and Ciric, Milos and Gavrilovi{\'c}, Bojan and B{\'a}ldi, Andr{\'a}s},
	journal = {Ambio},
	month = {05},
	title = {Freshwater systems and ecosystem services: Challenges and chances for cross-fertilization of disciplines},
	volume = {51},
	number={1},
  pages={135-151},
	year = {2021}}


@article{D2015,
	author = {Domisch, Sami and J{\"a}hnig, Sonja and Simaika, John and Kuemmerlen, Mathias and Stoll, Stefan},
	journal = {Fundamental and Applied Limnology / Archiv f{\"u}r Hydrobiologie},
	month = {02},
	pages = {45--61},
	title = {Application of species distribution models in stream ecosystems: The challenges of spatial and temporal scale, environmental predictors and species occurrence data},
	volume = {186},
	year = {2015}}



@article{Elith2009,
	author = {Elith, Jane and Leathwick, John R.},
	journal = {Annual Review of Ecology, Evolution, and Systematics},
	number = {Volume 40, 2009},
	pages = {677-697},
	title = {Species Distribution Models: Ecological Explanation and Prediction Across Space and Time},
	volume = {40},
	year = {2009}}
	
	
	
@article{Dormann2007,
	author = {Dormann, F. Carsten and M. McPherson, Jana and B. Ara{\'u}jo, Miguel and Bivand, Roger and Bolliger, Janine and Carl, Gudrun and G. Davies, Richard and Hirzel, Alexandre and Jetz, Walter and Daniel Kissling, W. and K{\"u}hn, Ingolf and Ohlem{\"u}ller, Ralf and R. Peres-Neto, Pedro and Reineking, Bj{\"o}rn and Schr{\"o}der, Boris and M. Schurr, Frank and Wilson, Robert},
	journal = {Ecography},
	number = {5},
	pages = {609-628},
	title = {Methods to account for spatial autocorrelation in the analysis of species distributional data: a review},
	volume = {30},
	year = {2007}}



@article{Lahoz2014,
	author = {Lahoz-Monfort, Jos{\'e} J. and Guillera-Arroita, Gurutzeta and Wintle, Brendan A.},
	journal = {Global Ecology and Biogeography},
	number = {4},
	pages = {504-515},
	title = {Imperfect detection impacts the performance of species distribution models},
	volume = {23},
	year = {2014}}


@article{Kery2008,
	author = {K{\'e}ry, Marc and Schmidt, Benedikt},
	journal = {Community Ecology - COMMUNITY ECOL},
	month = {12},
	pages = {207-216},
	title = {Imperfect detection and its consequences for monitoring in conservation},
	volume = {9},
	year = {2008}}



@article{Charbonnel2022,
	author = {Ana{\"\i}s Charbonnel and Fr{\'e}d{\'e}ric Blanc and Pascal Laffaille and M{\'e}lanie N{\'e}moz and La{\"e}titia Buisson},
	journal = {Biological Conservation},
	pages = {109567},
	title = {Combining spatial dependence occupancy models and conservation gap analyses to promote species conservation: A case study with a threatened semi-aquatic mammal},
	volume = {270},
	year = {2022}}
	
	
@article{Hamer2021,
	author = {Hamer, Andrew J. and Schmera, D{\'e}nes and Mahony, Michael J.},
	journal = {Ecological Applications},
	number = {4},
	pages = {e2293},
	title = {Multi-species occupancy modeling provides novel insights into amphibian metacommunity structure and wetland restoration},
	volume = {31},
	year = {2021}}



@article{Wedderburn2022,
	author = {Wedderburn, Scotte D. and Whiterod, Nick S. and Vilizzi, Lorenzo},
	journal = {Aquatic Conservation: Marine and Freshwater Ecosystems},
	number = {2},
	pages = {258-268},
	title = {Occupancy modelling confirms the first extirpation of a freshwater fish from one of the world's largest river systems},
	volume = {32},
	year = {2022}}
	
	
	
@article{Preece2021,
	author = {Preece, Ellen P. and Bryan, Michael and Mapes, Samantha M. and Wademan, Cara and Dorazio, Robert},
	journal = {Environmental DNA},
	number = {3},
	pages = {591-604},
	title = {Monitoring for freshwater mussel presence in rivers using environmental DNA},
	volume = {3},
	year = {2021}}

@book{mackenzie2017,
  title = {Occupancy {{Estimation}} and {{Modeling}}: {{Inferring Patterns}} and {{Dynamics}} of {{Species Occurrence}}},
  shorttitle = {Occupancy {{Estimation}} and {{Modeling}}},
  author = {MacKenzie, Darryl I. and Nichols, James D. and Royle, J. Andrew and Pollock, Kenneth H. and Bailey, Larissa L. and Hines, James E.},
  year = {2017},
  month = nov,
  publisher = {{Elsevier}},
  googlebooks = {hs2cBAAAQBAJ},
  isbn = {978-0-12-407245-9},
  langid = {english}
}



@article{Rushing2019,
	author = {Rushing, Clark and Royle, J. andrew and Ziolkowski Jr, David and Pardieck, Keith},
	journal = {Scientific Reports},
	month = {09},
	title = {Modeling spatially and temporally complex range dynamics when detection is imperfect},
	volume = {9},
	year = {2019}}
	
	
	
@article{Johnson2013,
	author = {Johnson, Devin S. and Conn, Paul B. and Hooten, Mevin B. and Ray, Justina C. and Pond, Bruce A.},
	journal = {Ecology},
	number = {4},
	pages = {801-808},
	title = {Spatial occupancy models for large data sets},
	volume = {94},
	year = {2013}}



@article{Broms2014,
	author = {Broms, Kristin M. and Johnson, Devin S. and Altwegg, Res and Conquest, Loveday L.},
	journal = {Ecological Applications},
	number = {2},
	pages = {363-374},
	title = {Spatial occupancy models applied to atlas data show Southern Ground Hornbills strongly depend on protected areas},
	volume = {24},
	year = {2014}}


@article{Peterson2010,
	author = {Peterson, Erin E. and Hoef, Jay M. Ver},
	journal = {Ecology},
	number = {3},
	pages = {644-651},
	title = {A mixed-model moving-average approach to geostatistical modeling in stream networks},
	volume = {91},
	year = {2010}}



@article{VerHoef2010,
	author = {Ver Hoef, Jay and Peterson, Erin},
	journal = {Journal of the American Statistical Association},
	month = {03},
	pages = {6-18},
	title = {A Moving Average Approach for Spatial Statistical Models of Stream Networks},
	volume = {105},
	year = {2010}}
